@Misc{borsch,
  author =       {Michal Turek},
  title =        {Borsch Interpreter},
  year =         {2007},
  note =         {[Online], rev. 2007-01-21, cit. 2009-05-07},
  url =          {http://woq.nipax.cz/borsch/}
}

@InBook{eckel,
  author =       {Bruce Eckel},
  title =        {Thinking In C++; Volume 2: Practical Programming},
  chapter =      {Design Patterns -- Multiple dispatching},
  publisher =    {Pearson Prentice Hall},
  year =         {2004},
  address =      {Upper Saddle River, NJ 07458},
  edition =      {2nd},
  isbn =         "0-13-035313-2",
  note =         {[Online], cit. 2009-05-07},
  url =          {http://mindview.net/Books/TICPP/ThinkingInCPP2e.html}
}
